
@article{abowd1999high,
  title={High wage workers and high wage firms},
  author={Abowd, John M and Kramarz, Francis and Margolis, David N},
  journal={Econometrica},
  volume={67},
  number={2},
  pages={251--333},
  year={1999},
  publisher={Wiley Online Library}
}

@article{abowd2012persistent,
  title={Persistent inter-industry wage differences: rent sharing and opportunity costs},
  author={Abowd, John M and Kramarz, Francis and Lengermann, Paul and McKinney, Kevin L and Roux, S{\'e}bastien},
  journal={IZA Journal of Labor Economics},
  volume={1},
  number={1},
  pages={1--25},
  year={2012},
  publisher={SpringerOpen}
}

@article{abowd2019modeling,
  title={Modeling endogenous mobility in earnings determination},
  author={Abowd, John M and McKinney, Kevin L and Schmutte, Ian M},
  journal={Journal of Business \& Economic Statistics},
  volume={37},
  number={3},
  pages={405--418},
  year={2019},
  publisher={Taylor \& Francis}
}

@techreport{abowd2002computing,
  title={Computing person and firm effects using linked longitudinal employer-employee data},
  author={Abowd, John M and Creecy, Robert H and Kramarz, Francis},
  year={2002},
  institution={Center for Economic Studies, US Census Bureau}
}

@article{andrews2008high,
  title={High wage workers and low wage firms: negative assortative matching or limited mobility bias?},
  author={Andrews, Martyn J and Gill, Leonard and Schank, Thorsten and Upward, Richard},
  journal={Journal of the Royal Statistical Society: Series A (Statistics in Society)},
  volume={171},
  number={3},
  pages={673--697},
  year={2008},
  publisher={Wiley Online Library}
}

@article{andrews2012high,
  title={High wage workers match with high wage firms: Clear evidence of the effects of limited mobility bias},
  author={Andrews, Martyn J and Gill, Leonard and Schank, Thorsten and Upward, Richard},
  journal={Economics Letters},
  volume={117},
  number={3},
  pages={824--827},
  year={2012},
  publisher={Elsevier}
}

@article{baker2022much,
  title={How much should we trust staggered difference-in-differences estimates?},
  author={Baker, Andrew C and Larcker, David F and Wang, Charles CY},
  journal={Journal of Financial Economics},
  volume={144},
  number={2},
  pages={370--395},
  year={2022},
  publisher={Elsevier}
}

@article{bassier2022monopsony,
  title={Monopsony in Movers The Elasticity of Labor Supply to Firm Wage Policies},
  author={Bassier, Ihsaan and Dube, Arindrajit and Naidu, Suresh},
  journal={Journal of Human Resources},
  volume={57},
  number={S},
  pages={S50--s86},
  year={2022},
  publisher={University of Wisconsin Press}
}

@article{bonhomme2022much,
  title={How Much Should we Trust Estimates of Firm Effects and Worker Sorting?},
  author={Bonhomme, St{\'e}phane and Holzheu, Kerstin and Lamadon, Thibaut and Manresa, Elena and Mogstad, Magne and Setzler, Bradley},
  year={2022}
}

@article{bonhomme2022discretizing,
  title={Discretizing unobserved heterogeneity},
  author={Bonhomme, St{\'e}phane and Lamadon, Thibaut and Manresa, Elena},
  journal={Econometrica},
  volume={90},
  number={2},
  pages={625--643},
  year={2022},
  publisher={Wiley Online Library}
}

@article{bonhomme2019distributional,
  title={A distributional framework for matched employer employee data},
  author={Bonhomme, St{\'e}phane and Lamadon, Thibaut and Manresa, Elena},
  journal={Econometrica},
  volume={87},
  number={3},
  pages={699--739},
  year={2019},
  publisher={Wiley Online Library}
}

@article{bonhomme2015grouped,
  title={Grouped patterns of heterogeneity in panel data},
  author={Bonhomme, St{\'e}phane and Manresa, Elena},
  journal={Econometrica},
  volume={83},
  number={3},
  pages={1147--1184},
  year={2015},
  publisher={Wiley Online Library}
}

@article{borusyak2021revisiting,
  title={Revisiting event study designs: Robust and efficient estimation},
  author={Borusyak, Kirill and Jaravel, Xavier and Spiess, Jann},
  journal={arXiv preprint arXiv:2108.12419},
  year={2021}
}

@article{burdett1998wage,
  title={Wage differentials, employer size, and unemployment},
  author={Burdett, Kenneth and Mortensen, Dale T},
  journal={International Economic Review},
  pages={257--273},
  year={1998},
  publisher={JSTOR}
}

@article{callaway2021difference,
  title={Difference-in-differences with a continuous treatment},
  author={Callaway, Brantly and Goodman-Bacon, Andrew and Sant'Anna, Pedro HC},
  journal={arXiv preprint arXiv:2107.02637},
  year={2021}
}

@article{card2013workplace,
  title={Workplace heterogeneity and the rise of West German wage inequality},
  author={Card, David and Heining, J{\"o}rg and Kline, Patrick},
  journal={The Quarterly journal of economics},
  volume={128},
  number={3},
  pages={967--1015},
  year={2013},
  publisher={MIT Press}
}

@article{card2016bargaining,
  title={Bargaining, sorting, and the gender wage gap: Quantifying the impact of firms on the relative pay of women},
  author={Card, David and Cardoso, Ana Rute and Kline, Patrick},
  journal={The Quarterly journal of economics},
  volume={131},
  number={2},
  pages={633--686},
  year={2016},
  publisher={Oxford University Press}
}

@article{card2018firms,
  title={Firms and labor market inequality: Evidence and some theory},
  author={Card, David and Cardoso, Ana Rute and Heining, Joerg and Kline, Patrick},
  journal={Journal of Labor Economics},
  volume={36},
  number={S1},
  pages={S13--S70},
  year={2018},
  publisher={University of Chicago Press Chicago, IL}
}

@techreport{di2021ain,
  title={It ain’t where you’re from, it’s where you’re at: hiring origins, firm heterogeneity, and wages.},
  author={Di Addario, Sabrina L and Kline, Patrick M and Saggio, Raffaele and S{\o}lvsten, Mikkel},
  year={2021},
  institution={National Bureau of Economic Research}
}

@techreport{dube2018monopsony,
  title={Monopsony and employer mis-optimization explain why wages bunch at round numbers},
  author={Dube, Arindrajit and Manning, Alan and Naidu, Suresh},
  year={2018},
  institution={National Bureau of Economic Research}
}

@article{dube2020monopsony,
  title={Monopsony in online labor markets},
  author={Dube, Arindrajit and Jacobs, Jeff and Naidu, Suresh and Suri, Siddharth},
  journal={American Economic Review: Insights},
  volume={2},
  number={1},
  pages={33--46},
  year={2020}
}

@techreport{gardner2021two,
  title={Two-stage differences in differences},
  author={Gardner, John},
  year={2021},
  institution={Working paper}
}

@article{gerard2021assortative,
  title={Assortative matching or exclusionary hiring? the impact of employment and pay policies on racial wage differences in brazil},
  author={Gerard, Fran{\c{c}}ois and Lagos, Lorenzo and Severnini, Edson and Card, David},
  journal={American Economic Review},
  volume={111},
  number={10},
  pages={3418--57},
  year={2021}
}

@article{gibbons1992does,
  title={Does unmeasured ability explain inter-industry wage differentials?},
  author={Gibbons, Robert and Katz, Lawrence},
  journal={The Review of Economic Studies},
  volume={59},
  number={3},
  pages={515--535},
  year={1992},
  publisher={Wiley-Blackwell}
}

@article{goldsmith2020bartik,
  title={Bartik instruments: What, when, why, and how},
  author={Goldsmith-Pinkham, Paul and Sorkin, Isaac and Swift, Henry},
  journal={American Economic Review},
  volume={110},
  number={8},
  pages={2586--2624},
  year={2020}
}

@article{gregory2020firms,
  title={Firms as learning environments: Implications for earnings dynamics and job search},
  author={Gregory, Victoria},
  journal={Available at SSRN 3718086},
  year={2020}
}

@article{jarosch2021learning,
  title={Learning from coworkers},
  author={Jarosch, Gregor and Oberfield, Ezra and Rossi-Hansberg, Esteban},
  journal={Econometrica},
  volume={89},
  number={2},
  pages={647--676},
  year={2021},
  publisher={Wiley Online Library}
}

@article{kline2020leave,
  title={Leave-out estimation of variance components},
  author={Kline, Patrick and Saggio, Raffaele and S{\o}lvsten, Mikkel},
  journal={Econometrica},
  volume={88},
  number={5},
  pages={1859--1898},
  year={2020},
  publisher={Wiley Online Library}
}

@techreport{lachowska2020firm,
  title={Do firm effects drift? Evidence from Washington administrative data},
  author={Lachowska, Marta and Mas, Alexandre and Saggio, Raffaele D and Woodbury, Stephen A},
  year={2020},
  institution={National Bureau of Economic Research}
}

@article{lachowska2020sources,
  title={Sources of displaced workers' long-term earnings losses},
  author={Lachowska, Marta and Mas, Alexandre and Woodbury, Stephen A},
  journal={American Economic Review},
  volume={110},
  number={10},
  pages={3231--66},
  year={2020}
}

@article{lamadon2022imperfect,
  title={Imperfect Competition, Compensating Differentials, and Rent Sharing in the US Labor Market},
  author={Lamadon, Thibaut and Mogstad, Magne and Setzler, Bradley},
  journal={American Economic Review},
  volume={112},
  number={1},
  pages={169--212},
  year={2022}
}

@techreport{mello2022,
  title={A Life-Cycle Estimator of Intergenerational Income Mobility},
  author={Mello, Ursula and Nybom, Martin and Stuhler, Jan},
  year={2022}
 }
 
@article{postel2002equilibrium,
  title={Equilibrium wage dispersion with worker and employer heterogeneity},
  author={Postel--Vinay, Fabien and Robin, Jean--Marc},
  journal={Econometrica},
  volume={70},
  number={6},
  pages={2295--2350},
  year={2002},
  publisher={Wiley Online Library}
}

@article{roy1951some,
  title={Some thoughts on the distribution of earnings},
  author={Roy, Andrew Donald},
  journal={Oxford economic papers},
  volume={3},
  number={2},
  pages={135--146},
  year={1951},
  publisher={JSTOR}
}

@article{song2019firming,
  title={Firming up inequality},
  author={Song, Jae and Price, David J and Guvenen, Fatih and Bloom, Nicholas and Von Wachter, Till},
  journal={The Quarterly journal of economics},
  volume={134},
  number={1},
  pages={1--50},
  year={2019},
  publisher={Oxford University Press}
}

@article{sun2021estimating,
  title={Estimating dynamic treatment effects in event studies with heterogeneous treatment effects},
  author={Sun, Liyang and Abraham, Sarah},
  journal={Journal of Econometrics},
  volume={225},
  number={2},
  pages={175--199},
  year={2021},
  publisher={Elsevier}
}

@article{wilmers2021consolidated,
  title={Consolidated advantage: New organizational Dynamics of wage inequality},
  author={Wilmers, Nathan and Aeppli, Clem},
  journal={American Sociological Review},
  volume={86},
  number={6},
  pages={1100--1130},
  year={2021},
  publisher={SAGE Publications Sage CA: Los Angeles, CA}
}

@article{woodcock2015match,
  title={Match effects},
  author={Woodcock, Simon D},
  journal={Research in Economics},
  volume={69},
  number={1},
  pages={100--121},
  year={2015},
  publisher={Elsevier}
}
